@article{bolt_clifford_stuff_1,
title={On the Clifford collineation, transform and similarity groups. I.},
volume={2},
DOI={10.1017/S1446788700026379},
number={1},
journal={Journal of the Australian Mathematical Society},
publisher={Cambridge University Press},
author={Bolt, Beverley and Room, T. G. and Wall, G. E.},
year={1961},
pages={60–79}
}

@article{bolt_clifford_stuff_2,
title={On the Clifford collineation, transform and similarity groups. II.},
volume={2},
DOI={10.1017/S1446788700026380},
number={1},
journal={Journal of the Australian Mathematical Society},
publisher={Cambridge University Press},
author={Bolt, Beverley and Room, T. G. and Wall, G. E.},
year={1961},
pages={80–96}
}
